@article{drago1991competition,
  title={Competition and cooperation in the workplace},
  author={Drago, Robert and Turnbull, Geoffrey K},
  journal={Journal of Economic Behavior \& Organization},
  volume={15},
  number={3},
  pages={347--364},
  year={1991},
  publisher={Elsevier}
}
