@article{hill1975simple,
  title={A simple general approach to inference about the tail of a distribution},
  author={Hill, Bruce M and others},
  journal={The annals of statistics},
  volume={3},
  number={5},
  pages={1163--1174},
  year={1975},
  publisher={Institute of Mathematical Statistics}
}